@book{adams1995hitchhiker,
  title={The Hitchhiker's Guide to the Galaxy},
  author={Adams, D.},
  isbn={9781417642595},
  url={http://books.google.com/books?id=W-xMPgAACAAJ},
  year={1995},
  publisher={San Val}
}
@misc{uasyncio,
  author = {uasyncio},
  title = {{ Application of uasyncio to hardware interfaces }},
  howpublished = "\url{https://github.com/peterhinch/micropython-async/blob/master/v3/docs/TUTORIAL.md}",
}
